% Encoding: UTF-8

@Book{Stiny2018,
  author    = {Stiny, L.},
  title     = {Grundwissen Elektrotechnik und Elektronik: Eine leicht verst{\"a}ndliche Einf{\"u}hrung},
  isbn      = {9783658183196},
  publisher = {Springer Fachmedien Wiesbaden},
  url       = {https://books.google.de/books?id=gJdmDwAAQBAJ},
  year      = {2018},
}

@Online{stackoverflow,
  author = {Stackoverflow},
  date   = {2019},
  title  = {Survey 2019},
  url    = {https://insights.stackoverflow.com/survey/2019},
}

@Online{matplotlib,
  author = {Hunter, John and Dale, Darren and Firing, Eric and Droettboom, Michael},
  date   = {April,2020},
  title  = {matplotlib},
  url    = {https://matplotlib.org/},
}

@Book{Fischer2016,
  author    = {Fischer, R.},
  title     = {Elektrotechnik f{\"u}r Maschinenbauer: sowie f{\"u}r Studierende der Versorgungstechnik, des Wirtschaftsingenieurwesens und anderer technischer Fachbereiche},
  isbn      = {9783658125158},
  publisher = {Springer Fachmedien Wiesbaden},
  url       = {https://books.google.hn/books?id=u5ztCwAAQBAJ},
  year      = {2016},
}

@Comment{jabref-meta: databaseType:biblatex;}
